@inproceedings{LLVM:CGO04,
  author    = {Lattner, C. and Adve, V.},
  title     = "{LLVM: A Compilation Framework for Lifelong Program Analysis \& Transformation}",
  booktitle = "{CGO'04}",
  address   = {Palo Alto, California},
  year      = {2004}
}

@inproceedings{CadarDE08,
  author    = {Cadar, C. and Dunbar, D. and Engler, D.},
  title     = {KLEE: Unassisted and Automatic Generation of High-Coverage
               Tests for Complex Systems Programs},
  booktitle = {OSDI},
  year      = {2008},
  ee        = {http://www.usenix.org/events/osdi08/tech/full_papers/cadar/cadar.pdf}
}

@techreport{CCDB-2009-03-001,
  title       = {Application of Attack Potential to Smartcards},
  institution = {Commun Criteria},
  number      = {CCDB-2009-03-001},
  year        = {2009},
}
